#### [1]	T. Nam and T. A. Pardo, “Smart city as urban innovation: Focusing on management, policy, and context,” in Proceedings of the 5th International Conference on Theory and Practice of Electronic Governance, Tallinn, Estonia, Sep. 26-28, 2011, pp. 185-194.
@inproceedings{nam2011smart,
  title={Smart city as urban innovation: Focusing on management, policy, and context},
  author={Nam, T and Pardo, T A},
  booktitle={Proc. of the 5th International Conference on Theory and Practice of Electronic Governance, Tallinn, Estonia, Sep. 26--28},
  pages={185--194},
  publisher = {ACM},
  address = {New York, NY},
  year = {2011}
}

#### [2]	R. Giffinger, C. Fertner, H. Kramar, R. Kalasek, N. Pichler-Milanović, and E. Meijers,  "Smart cities: ranking of european medium-sized cities,” Vienna, Austria: Centre of Regional Science (SRF), Vienna University of Technology. Oct. 2007, [Online]. Available: http://www.smart-cities.eu/download/smart_cities_final_report.pdf, [Accessed: Mar. 10 2018].
@book{giffinger2007smart,
  title={Smart cities: Ranking of European medium-sized cities},
  author={Giffinger, R and Pichler-Milanovi{\'c}, N},
  year={2007},
  publisher={Centre of Regional Science, Vienna University of Technology},
  address = {Vienna, Austria}
}

#### [3]	I. Zubizarreta, A. Seravalli, and S. Arrizabalaga, “Smart city concept: What it is and what it should be,” Journal of Urban Planning and Development, vol. 142, no. 1, Mar. 2016, p. 04015005.
@article{zubizarreta2015smart,
  title={Smart city concept: What it is and what it should be},
  author={Zubizarreta, I and Seravalli, A and Arrizabalaga, S},
  journal={Journal of Urban Planning and Development},
  volume={142},
  number={1},
  pages={04015005},
  year={2015},
  publisher={American Society of Civil Engineers}
}

#### [4]	D. Washburn, U. Sindhu, S. Balaouras, A. R. Dines, N. Hayes, and E. L. Nelson, "Helping CIOs understand “smart city” initiatives: Defining the smart city, its drivers, and the role of the CI," Cambridge, MA: Forrester Research. Feb. 2010, [Online]. Available: http://public.dhe.ibm.com/partnerworld/pub/smb/smarterplanet/forr_help_cios_und_smart_city_initiatives.pdf, [Accessed: Apr. 12 2018].
@article{washburn2009helping,
  title={Helping {CIO}s understand “smart city” initiatives},
  author={Washburn, D and Sindhu, U and Balaouras, S and Dines, R A, Hayes and Nelson, L E},
  journal={Growth},
  volume={17},
  number={2},
  pages={1--17},
  year={2009}
}

#### [5]	V. Fernandez-Anez, “Stakeholders approach to smart cities: A survey on smart city definitions,” in Alba E., Chicano F., Luque G. (eds) Smart Cities, Smart-CT 2016. Lecture Notes in Computer Science, vol. 9704, no. 1, Cham: Springer International Publishing, Jun. 2016, pp. 157-167.
@inproceedings{fernandez2016stakeholders,
  title={Stakeholders approach to smart cities: A survey on smart city definitions},
  author={Fernandez-Anez, V},
  booktitle={International Conference on Smart Cities},
  series = {Lecture Notes in Computer Science},
  volume ={9704},
  number={1},
  pages={157--167},
  year={2016},
  organization={Springer},
  address={Cham, Switzerland}
}

#### [6]	Keihanna Science City, “What's Keihanna?,” n.d., [Online]. Available: https://www.kri.or.jp/en/whats_keihanna/, [Accessed: Mar. 10 2018].
@misc{keihanna,
  author = {Keihanna-Science-City},
  year = {n.d.},
  title = {What's Keihanna?},
  howpublished = {\url{https://www.kri.or.jp/en/whats_keihanna/}}
}

#### [7]	Toyota City, “Low-carbon society verification project: smart mobility & energy life in Toyota City,” ITS World Congress Vienna, Austria, Oct. 22-26 2012, [Online]. Available: http://www.toyota-global.com/innovation/intelligent_transport_systems/world_congress/2012vienna/low_carbon_society.html, [Accessed: Mar. 10 2018].
@misc{toyota,
  author = {Toyota-City},
  year = {2012},
  title = {Low-carbon society verification project: smart mobility and energy life in {T}oyota {C}ity},
  howpublished = {\url{http://www.toyota-global.com/innovation/intelligent_transport_systems/world_congress/2012vienna/low_carbon_society.html}}
}

#### [8]	Future City Yokohama. “Virtual power plant project,” Mar. 1 2018, [Online]. Available: http://www.city.yokohama.lg.jp/ondan/english/yscp/, [Accessed: Mar. 10 2018].
@misc{future,
  author = {Future-City-Yokohama},
  year = {2018},
  title = {Virtual power plant project},
  howpublished = {\url{http://www.city.yokohama.lg.jp/ondan/english/yscp/}}
}

#### [9]	G. Trencher and A. Karvonen, “Stretching ‘smart’: advancing health and well-being through the smart city agenda”, Local Environment, Aug. 2017, pp. 1-18.
@article{trencher2017stretching,
  title={Stretching ``smart'': advancing health and well-being through the smart city agenda},
  author={Trencher, Gregory and Karvonen, Andrew},
  journal={Local Environment},
  pages={1--18},
  year={2017},
  publisher={Taylor \& Francis}
}

#### [10]	Kashiwa City, “Population statistics by gender,” Jan. 2018, [Online]. Available: http://www.city.kashiwa.lg.jp/soshiki/020800/p009116.html, [Accessed: Mar. 10 2018]. 
@misc{kashiwa,
  author = {Kashiwa-City},
  year = {2018},
  title = {Population statistics by gender},
  howpublished = {\url{http://www.city.kashiwa.lg.jp/soshiki/020800/p009116.html}}
}

#### [11]	T. Mino et al., “Philosophy of field methods in the GPSS-GLI program: Dealing with complexity to achieve resilience and sustainable societies,” in Sustainability Science: Field Methods and Exercises, M. Esteban, T. Akiyama, C. Chen, I. Ikeda, and T. Mino, Ed. Cham, Switzerland: Springer, 2016, pp. 3-19.
@incollection{mino2016philosophy,
  title={Philosophy of Field Methods in the {GPSS-GLI} Program: Dealing with Complexity to Achieve Resilience and Sustainable Societies},
  author={Mino, T and Esteban, M and Asokan, V A and Satanarachchi, N and Akiyama, T and Ikeda, I and Chen, C},
  booktitle={Sustainability Science: Field Methods and Exercises},
  editor = {Esteban, M and Akiyama, T and Chen, C and Ikeda, I and Mino, T}, 
  pages={3--19},
  year={2016},
  address = {Cham, Switzerland},
  publisher={Springer}
}

#### [12]	R. Webb et al., “Sustainable urban systems: Co-design and framing for transformation,” Ambio, vol. 47, no. 1, Feb. 2018, pp. 57-77.
@article{webb2018sustainable,
  title={Sustainable urban systems: Co-design and framing for transformation},
  author={Webb, R and Bai, X and Smith, M S and Costanza, R and Griggs, D and Moglia, M and others},
  journal={Ambio},
  volume={47},
  number={1},
  pages={57--77},
  year={2018},
}

#### [13]	N. Keshavarz, “Principles for systems thinking approach for urban gardens,” in COST Action TU1201 Urban Allotment Gardens in European Cities, Birmingham, United Kingdom, 3-5 Sep. 2015, [Online]. Available: https://www.researchgate.net/publication/289460840_PRINCIPLES_FOR_A_SYSTEMS_THINKING_APPROACH_FOR_URBAN_GARDENS
@inproceedings{street2015cost,
  title={Principles for systems thinking approach for urban gardens},
  author={Keshavarz, N},
  year={2015},
  booktitle = {TU1201 Urban Allotment Gardens in European Cities, Birmingham, United Kingdom, 3--5 Sep.},
}

#### [14]	S. Chan and S. Huang, “A systems approach for the development of a sustainable community - the application of the sensitivity model (SM),” Journal of Environmental Management, vol. 72, Sep. 2004, pp. 122-147.
@article{chan2004systems,
  title={A systems approach for the development of a sustainable community — the application of the sensitivity model (SM)},
  author={Chan, S and Huang, S},
  journal={Journal of Environmental Management},
  volume={72},
  number={3},
  pages={133--147},
  year={2004},
}

#### [15]	O. L. De Weck, D. Roos, and C. L. Magee, Engineering Systems: Meeting Human Needs in a Complex Technological World. MA: MIT Press, 2011, pp. 97-103.
@book{de2011engineering,
  title={Engineering systems: Meeting human needs in a complex technological world},
  author={De Weck, O L and Roos, D and Magee, C L},
  year={2011},
  address = {Cambridge, MA},
  publisher={MIT Press}
  pages = {97--103}
}

#### [16]	W. Feng, E. F. Crawley, O. de Weck, R. Keller, and B. Robinson, “Dependency structure for stakeholder value networks,” Proceedings of the 12th International DSM Conference, Cambridge, United Kingdom, Jul. 22-23, 2010, pp. 3-16.
@inproceedings{feng2010dependency,
  title={Dependency structure matrix modelling for stakeholder value networks},
  author={Feng, W and Crawley, E F and de Weck, O L and Keller, R and Robinson, B},
  year={2010},
  booktitle= {Proceedings of the 12th International DSM Conference, Cambridge, United Kingdom, Jul. 22--23},
}

#### [17]	M. Claudel, A. Birolo., and C. Ratti, “Government’s role in growing a smart city,” in Smart Cities as Democratic Ecologies, D. Araya, Ed. London, United Kingdom: Palgrave Macmillan, 2015, pp. 23-34
@incollection{claudel2015government,
  title={Government’s Role in Growing a Smart City},
  author={Claudel, Matthew and Birolo, Alice and Ratti, Carlo},
  booktitle={Smart Cities as Democratic Ecologies},
  editor = {Raya, D},
  address = {London, United Kingdom},
  pages={23--34},
  year={2015},
  publisher={Palgrave Macmillan}
}

#### [18]	Mitsui Fudosan, “Large-scale transformation of reservoir into symbiotic waterfront “Aqua Terrace” opens to the public as the core zone of next development stage creating interactive space to add further vigor to the city, providing cutting edge environmental to attract Japanese and foreign companies,” Urban Design Center Kashiwa-no-ha Mitsui Fudosan Press Release, Nov. 22 2016, [Online]. Available: http://www.mitsuifudosan.co.jp/english/corporate/news/2016/1122_02/, [Accessed: Apr. 24 2018].
@misc{mitsui,
  author = {Mitsui-Fudosan},
  title = {Large-scale transformation of reservoir into symbiotic waterfront “Aqua Terrace” opens to the public as the core zone of next development stage creating interactive space to add further vigor to the city, providing cutting edge environmental to attract Japanese and foreign companies},
  year = {2016},
  howpublished = {\url{http://www.mitsuifudosan.co.jp/english/corporate/news/2016/1122_02/}}
}

#### [19]	Kashiwa-no-ha Smart City, “Kashiwa-no-ha Experiments,” n.d., [Online]. Available: http://www.kashiwanoha-smartcity.com/en/concept/demonstration.html, [Accessed: Apr. 24 2018].
@misc{kashiwanoha,
  author = {Kashiwanoha-Smart-City},
  title = {Kashiwa-no-ha Experiments},
  year = {n.d.},
  howpublished = {\url{http://www.kashiwanoha-smartcity.com/en/concept/demonstration.html}}
}

#### [20]	Carvalho, L. (2011). Urban competitiveness, u-city strategies and the development of technological niches in Songdo, South Korea. City competitiveness and improving urban subsystems: Technologies and applications, 197-216.
@article{carvalho2011urban,
  title={Urban competitiveness, u-city strategies and the development of technological niches in Songdo, South Korea},
  author={Carvalho, L},
  journal={City Competitiveness and Improving Urban Subsystems: Technologies and Applications},
  pages={197--216},
  year={2011}
}

#### [21]	Lang, D. J., Wiek, A., Bergmann, M., Stauffacher, M., Martens, P., Moll, P., and Thomas, C. J., “Transdisciplinary research in sustainability science: practice, principles, and challenges,” Sustainability Science, vol. 7, no. 1, Feb. 2012, pp. 25-43.
@article{lang2012transdisciplinary,
  title={Transdisciplinary research in sustainability science: practice, principles, and challenges},
  author={Lang, Daniel J and Wiek, Arnim and Bergmann, Matthias and Stauffacher, Michael and Martens, Pim and Moll, Peter and others},
  journal={Sustainability science},
  volume={7},
  number={1},
  pages={25--43},
  year={2012},
}

#### [22]	A. Jerneck et al., “Structuring sustainability science,” Sustainability Science, vol. 6, no. 1, Jan. 2011, pp. 69-82.
@article{jerneck2011structuring,
  title={Structuring sustainability science},
  author={Jerneck, Anne and Olsson, Lennart and Ness, Barry and Anderberg, Stefan and Baier, Matthias and Clark, Eric and others},
  journal={Sustainability science},
  volume={6},
  number={1},
  pages={69--82},
  year={2011}
}

#### [23]	B. Bergvall-Kåreborn and A. Ståhlbröst, “Living lab - An open and citizen-centric approach for innovation,” International Journal of Innovation and Regional Development, vol. 1, no. 4, Jan. 2009, pp. 356-370.
@article{bergvall2009living,
  title={Living Lab: An open and citizen-centric approach for innovation},
  author={Bergvall-K{\aa}reborn, Birgitta and St{\aa}hlbr{\"o}st, Anna},
  journal={International Journal of Innovation and Regional Development},
  volume={1},
  number={4},
  pages={356--370},
  year={2009}
}

#### [24]	Ö. Bodin et al., “Theorizing benefits and constraints in collaborative environmental governance: A transdisciplinary social-ecological network approach for empirical investigations,” Ecology and Society, vo. 21, no. 1, Mar. 2016, art. 40.
@article{bodin2016theorizing,
  title={Theorizing benefits and constraints in collaborative environmental governance: a transdisciplinary social-ecological network approach for empirical investigations},
  author={Bodin, {\"O}rjan and Robins, Garry and McAllister, Ryan and Guerrero, Angela and Crona, Beatrice and Teng{\"o}, Maria and Lubell, Mark},
  journal={Ecology and Society},
  volume={21},
  number={1},
  year={2016},
  pages={art. 40}
}

#### [25]	E. Cosgrave, K. Arbuthnot, and T. Tryfonas, “Living labs, innovation districts and information marketplaces: A systems approach for smart cities,” Procedia Computer Science, vol. 16, Mar. 19-22, 2013, pp. 668 – 677.
@article{cosgrave2013living,
  title={Living labs, innovation districts and information marketplaces: A systems approach for smart cities},
  author={Cosgrave, Ellie and Arbuthnot, Kate and Tryfonas, Theo},
  journal={Procedia Computer Science},
  volume={16},
  pages={668--677},
  year={2013},
}

#### [26]	M. Pallot, B. Trousse, B. Senach, and D. Scapin, “Living lab research landscape: From user-centred design and user experience towards user cocreation,” First European Summer School “Living Labs”, Paris, France, Aug. 2010.
@inproceedings{pallot2010living,
  title={Living lab research landscape: From user centred design and user experience towards user cocreation},
  author={Pallot, Marc and Trousse, Brigitte and Senach, Bernard and Scapin, Dominique},
  booktitle={First European Summer School ``Living Labs'', Paris, France},
  year={2010}
}


#### [27] Hollands, R. G. (2015). Critical interventions into the corporate smart city. Cambridge Journal of Regions, Economy and Society, 8(1), 61-77.
@article{hollands2015critical,
  title={Critical interventions into the corporate smart city},
  author={Hollands, Robert G},
  journal={Cambridge Journal of Regions, Economy and Society},
  volume={8},
  number={1},
  pages={61--77},
  year={2015}
}
